@article{Shao:2023gho,
    author = "Shao, Shu-Heng",
    title = "{What's Done Cannot Be Undone: TASI Lectures on Non-Invertible Symmetry}",
    eprint = "2308.00747",
    archivePrefix = "arXiv",
    primaryClass = "hep-th",
    reportNumber = "YITP-SB-2023-19",
    month = "8",
    year = "2023"
}

@article{Koide:2021zxj,
    author = "Koide, Masataka and Nagoya, Yuta and Yamaguchi, Satoshi",
    title = "{Non-invertible topological defects in 4-dimensional $\mathbb {Z}_2$ pure lattice gauge theory}",
    eprint = "2109.05992",
    archivePrefix = "arXiv",
    primaryClass = "hep-th",
    reportNumber = "OU-HET 1105",
    doi = "10.1093/ptep/ptab145",
    journal = "PTEP",
    volume = "2022",
    number = "1",
    pages = "013B03",
    year = "2022"
}

@article{Choi:2021kmx,
    author = "Choi, Yichul and Cordova, Clay and Hsin, Po-Shen and Lam, Ho Tat and Shao, Shu-Heng",
    title = "{Noninvertible duality defects in 3+1 dimensions}",
    eprint = "2111.01139",
    archivePrefix = "arXiv",
    primaryClass = "hep-th",
    reportNumber = "MIT-CTP/5359",
    doi = "10.1103/PhysRevD.105.125016",
    journal = "Phys. Rev. D",
    volume = "105",
    number = "12",
    pages = "125016",
    year = "2022"
}

@article{Kaidi:2021xfk,
    author = "Kaidi, Justin and Ohmori, Kantaro and Zheng, Yunqin",
    title = "{Kramers-Wannier-like Duality Defects in (3+1)D Gauge Theories}",
    eprint = "2111.01141",
    archivePrefix = "arXiv",
    primaryClass = "hep-th",
    doi = "10.1103/PhysRevLett.128.111601",
    journal = "Phys. Rev. Lett.",
    volume = "128",
    number = "11",
    pages = "111601",
    year = "2022"
}

@article{Aasen:2016dop,
    author = "Aasen, David and Mong, Roger S. K. and Fendley, Paul",
    title = "{Topological Defects on the Lattice I: The Ising model}",
    eprint = "1601.07185",
    archivePrefix = "arXiv",
    primaryClass = "cond-mat.stat-mech",
    doi = "10.1088/1751-8113/49/35/354001",
    journal = "J. Phys. A",
    volume = "49",
    number = "35",
    pages = "354001",
    year = "2016"
}
@article{Aasen:2020jwb,
    author = "Aasen, David and Fendley, Paul and Mong, Roger S. K.",
    title = "{Topological Defects on the Lattice: Dualities and Degeneracies}",
    eprint = "2008.08598",
    archivePrefix = "arXiv",
    primaryClass = "cond-mat.stat-mech",
    month = "8",
    year = "2020"
}

@article{Bhardwaj:2017xup,
    author = "Bhardwaj, Lakshya and Tachikawa, Yuji",
    title = "{On finite symmetries and their gauging in two dimensions}",
    eprint = "1704.02330",
    archivePrefix = "arXiv",
    primaryClass = "hep-th",
    reportNumber = "IPMU-17-0049",
    doi = "10.1007/JHEP03(2018)189",
    journal = "JHEP",
    volume = "03",
    pages = "189",
    year = "2018"
}

@article{Chang:2018iay,
    author = "Chang, Chi-Ming and Lin, Ying-Hsuan and Shao, Shu-Heng and Wang, Yifan and Yin, Xi",
    title = "{Topological Defect Lines and Renormalization Group Flows in Two Dimensions}",
    eprint = "1802.04445",
    archivePrefix = "arXiv",
    primaryClass = "hep-th",
    reportNumber = "CALT-TH-2017-067, CALT-TH 2017-067, PUPT-2546",
    doi = "10.1007/JHEP01(2019)026",
    journal = "JHEP",
    volume = "01",
    pages = "026",
    year = "2019"
}

@book{Kugo2,
  author         = {九後汰一郎},
  publisher      = {培風館},
  title          = {ゲージ場の量子論II},
  year           = {1989}
}

@article{Gaiotto:2014kfa,
    author = "Gaiotto, Davide and Kapustin, Anton and Seiberg, Nathan and Willett, Brian",
    title = "{Generalized Global Symmetries}",
    eprint = "1412.5148",
    archivePrefix = "arXiv",
    primaryClass = "hep-th",
    doi = "10.1007/JHEP02(2015)172",
    journal = "JHEP",
    volume = "02",
    pages = "172",
    year = "2015"
}

@article{Kapustin:2014gua,
    author = "Kapustin, Anton and Seiberg, Nathan",
    title = "{Coupling a QFT to a TQFT and Duality}",
    eprint = "1401.0740",
    archivePrefix = "arXiv",
    primaryClass = "hep-th",
    doi = "10.1007/JHEP04(2014)001",
    journal = "JHEP",
    volume = "04",
    pages = "001",
    year = "2014"
}

@article{Zamolodchikov:1990xc,
    author = "Zamolodchikov, A. B.",
    title = "{S matrix of the subleading magnetic perturbation of the tricritical Ising model}",
    reportNumber = "PUPT-1195",
    month = "8",
    year = "1990"
}
